@article{zhang2019hierarchical,
  title={Hierarchical reinforcement learning for multi-agent moba game},
  author={Zhang, Zhijian and Li, Haozheng and Zhang, Luo and Zheng, Tianyin and Zhang, Ting and Hao, Xiong and Chen, Xiaoxin and Chen, Min and Xiao, Fangxu and Zhou, Wei},
  journal={arXiv preprint arXiv:1901.08004},
  year={2019}
}

@article{shao2019survey,
  title={A survey of deep reinforcement learning in video games},
  author={Shao, Kun and Tang, Zhentao and Zhu, Yuanheng and Li, Nannan and Zhao, Dongbin},
  journal={arXiv preprint arXiv:1912.10944},
  year={2019}
}

@article{burda2018exploration,
  title={Exploration by random network distillation},
  author={Burda, Yuri and Edwards, Harrison and Storkey, Amos and Klimov, Oleg},
  journal={arXiv preprint arXiv:1810.12894},
  year={2018}
}

@article{Oh2022Fighting,
  author={Oh, Inseok and Rho, Seungeun and Moon, Sangbin and Son, Seongho and Lee, Hyoil and Chung, Jinyun},
  journal={IEEE Transactions on Games}, 
  title={Creating Pro-Level AI for a Real-Time Fighting Game Using Deep Reinforcement Learning}, 
  year={2022},
  volume={14},
  number={2},
  pages={212-220},
  keywords={Games;Reinforcement learning;Real-time systems;Artificial intelligence;Two dimensional displays;Three-dimensional displays;Resistance;Deep learning;fighting game;imperfect information;reinforcement learning (RL);self-play curriculum learning},
  doi={10.1109/TG.2021.3049539}
}

@article{vinyals2017starcraft,
  title={Starcraft ii: A new challenge for reinforcement learning},
  author={Vinyals, Oriol and Ewalds, Timo and Bartunov, Sergey and Georgiev, Petko and Vezhnevets, Alexander Sasha and Yeo, Michelle and Makhzani, Alireza and K{\"u}ttler, Heinrich and Agapiou, John and Schrittwieser, Julian and others},
  journal={arXiv preprint arXiv:1708.04782},
  year={2017}
}
  
@article{Pleines2022RocketSimDRL,
  author={Pleines, Marco and Ramthun, Konstantin and Wegener, Yannik and Meyer, Hendrik and Pallasch, Matthias and Prior, Sebastian and Drögemüller, Jannik and Büttinghaus, Leon and Röthemeyer, Thilo and Kaschwig, Alexander and Chmurzynski, Oliver and Rohkrähmer, Frederik and Kalkreuth, Roman and Zimmer, Frank and Preuss, Mike},
  booktitle={2022 IEEE Conference on Games (CoG)}, 
  title={On the Verge of Solving Rocket League using Deep Reinforcement Learning and Sim-to-sim Transfer}, 
  year={2022},
  volume={},
  number={},
  pages={253-260},
  keywords={Training;Rockets;MIMICs;Games;Reinforcement learning;Behavioral sciences;Task analysis;rocket league;sim-to-sim transfer;deep reinforcement learning;proximal policy optimization},
  doi={10.1109/CoG51982.2022.9893628}
}

@article{Misaros2024RocketPPO,
  author={Misaros, Marius and Gota, Dan loan and Niste, Daniela Florentina and Stan, Anca and Ciobotaru, Alexandru and Miclea, Liviu},
  booktitle={2024 4th International Conference on Electrical, Computer, Communications and Mechatronics Engineering (ICECCME)}, 
  title={Mastering Rocket League with Reinforcement Learning A Proximal Policy Optimization Approach}, 
  year={2024},
  volume={},
  number={},
  pages={1-6},
  keywords={Training;Knowledge engineering;Rockets;Mechatronics;Navigation;Reinforcement learning;Games;Network architecture;Optimization;Artificial intelligence;Reinforcement learning;Proximal Policy Optimization;game;interaction},
  doi={10.1109/ICECCME62383.2024.10796434}
}

@article{Albuainain2020RLPhysics,
  author={Albuainain, Abdulla R. and Gatzoulis, Christos},
  booktitle={2020 International Conference on Innovation and Intelligence for Informatics, Computing and Technologies (3ICT)}, 
  title={Reinforcement Learning for Physics-Based Competitive Games}, 
  year={2020},
  volume={},
  number={},
  pages={1-6},
  keywords={Games;Sports;Machine learning;Training;Rockets;Two dimensional displays;Reinforcement learning;Reinforcement Learning;Machine Learning;Physics-Based Games;Competitive Games;Believability},
  doi={10.1109/3ICT51146.2020.9311997}
}

@article{sigal2023improving,
  title={Improving generalization in reinforcement learning training regimes for social robot navigation},
  author={Sigal, Adam and Lin, Hsiu-Chin and Moon, AJung},
  journal={arXiv preprint arXiv:2308.14947},
  year={2023}
}

@article{DBLP:journals/corr/abs-1901-02184,
  author       = {Zenan Ling and
                  Haotian Ma and
                  Yu Yang and
                  Robert C. Qiu and
                  Song{-}Chun Zhu and
                  Quanshi Zhang},
  title        = {Explaining AlphaGo: Interpreting Contextual Effects in Neural Networks},
  journal      = {CoRR},
  volume       = {abs/1901.02184},
  year         = {2019},
  url          = {http://arxiv.org/abs/1901.02184},
  eprinttype    = {arXiv},
  eprint       = {1901.02184},
  timestamp    = {Thu, 18 Jul 2024 08:28:30 +0200},
  biburl       = {https://dblp.org/rec/journals/corr/abs-1901-02184.bib},
  bibsource    = {dblp computer science bibliography, https://dblp.org}
}
